<record><leader>00000cas a2200000 a 4500</leader><controlfield tag="001">9239006</controlfield><controlfield tag="008">830219d19241926okudr ne      0    0eng d</controlfield><datafield ind1=" " ind2=" " tag="010"><subfield code="a">sn 83025094 </subfield></datafield><datafield ind1=" " ind2=" " tag="040"><subfield code="a">WIH</subfield><subfield code="b">eng</subfield><subfield code="c">WIH</subfield><subfield code="d">NPV</subfield><subfield code="d">OCL</subfield><subfield code="d">KNP</subfield><subfield code="d">ANU</subfield><subfield code="d">KNP</subfield><subfield code="d">OBN</subfield><subfield code="d">OCL</subfield><subfield code="d">OCLCQ</subfield></datafield><datafield ind1=" " ind2=" " tag="042"><subfield code="a">msc</subfield></datafield><datafield ind1=" " ind2=" " tag="043"><subfield code="a">n-us-ok</subfield></datafield><datafield ind1="0" ind2="0" tag="245"><subfield code="a">Muskogee daily news.</subfield></datafield><datafield ind1=" " ind2=" " tag="260"><subfield code="a">Muskogee, Okla. :</subfield><subfield code="b">Eastern Oklahoma Pub. Co.,</subfield><subfield code="c">-1926.</subfield></datafield><datafield ind1=" " ind2=" " tag="300"><subfield code="a">v.</subfield></datafield><datafield ind1=" " ind2=" " tag="310"><subfield code="a">Daily</subfield></datafield><datafield ind1="1" ind2=" " tag="362"><subfield code="a">Began June 9, 1924.</subfield></datafield><datafield ind1="0" ind2=" " tag="362"><subfield code="a">-v. 23, no. 294 (Apr. 28, 1926).</subfield></datafield><datafield ind1=" " ind2=" " tag="500"><subfield code="a">Publisher: Apr. 22-28, 1926, Muskogee Democrat Pub. Co.</subfield></datafield><datafield ind1=" " ind2=" " tag="500"><subfield code="a">Editor: &lt;Mar. 1&gt;-Apr. 28, 1926, Carl W. Held.</subfield></datafield><datafield ind1=" " ind2=" " tag="588"><subfield code="a">Description based on: Vol. 23, no. 47 (Aug. 17, 1925).</subfield></datafield><datafield ind1=" " ind2="4" tag="651"><subfield code="a">Muskogee (Okla.)</subfield><subfield code="v">Newspapers.</subfield></datafield><datafield ind1="1" ind2=" " tag="700"><subfield code="a">Held, Carl W.</subfield></datafield><datafield ind1=" " ind2=" " tag="752"><subfield code="a">United States</subfield><subfield code="b">Oklahoma</subfield><subfield code="c">Muskogee</subfield><subfield code="d">Muskogee.</subfield></datafield><datafield ind1="0" ind2="0" tag="785"><subfield code="t">Muskogee press</subfield><subfield code="w">(DLC)sn 83025094</subfield><subfield code="w">(OCoLC)9239021</subfield></datafield></record>